@article{hsu2013enhanced,
  title={Enhanced Deep Blue aerosol retrieval algorithm: The second generation},
  author={Hsu, NC and Jeong, M-J and Bettenhausen, C and Sayer, AM and Hansell, R and Seftor, CS and Huang, J and Tsay, S-C},
  journal={Journal of Geophysical Research: Atmospheres},
  volume={118},
  number={16},
  pages={9296--9315},
  year={2013},
  publisher={Wiley Online Library}
}

@article{levy2007second,
  title={Second-generation operational algorithm: Retrieval of aerosol properties over land from inversion of Moderate Resolution Imaging Spectroradiometer spectral reflectance},
  author={Levy, Robert C and Remer, Lorraine A and Mattoo, Shana and Vermote, Eric F and Kaufman, Yoram J},
  journal={Journal of Geophysical Research: Atmospheres},
  volume={112},
  number={D13},
  year={2007},
  publisher={Wiley Online Library}
}

@misc{kaufman1997modis,
  title={The MODIS 2.1 $\mu$m channel-correlation with visible reflectance for use in remote sensing of aerosol, IEEE T. Geosci. Remote., 35, 1286--1298},
  author={Kaufman, YJ and Wald, AE and Remer, LA and Gao, BC and Li, RR and Flynn, L},
  year={1997}
}

@article{hsu2004aerosol,
  title={Aerosol properties over bright-reflecting source regions},
  author={Hsu, N Christina and Tsay, Si-Chee and King, Michael D and Herman, Jay R},
  journal={IEEE Transactions on Geoscience and Remote Sensing},
  volume={42},
  number={3},
  pages={557--569},
  year={2004},
  publisher={Ieee}
}

@article{van2011satellite,
  title={Satellite-based estimates of ground-level fine particulate matter during extreme events: A case study of the Moscow fires in 2010},
  author={Van Donkelaar, Aaron and Martin, Randall V and Levy, Robert C and da Silva, Arlindo M and Krzyzanowski, Michal and Chubarova, Natalia E and Semutnikova, Eugenia and Cohen, Aaron J},
  journal={Atmospheric Environment},
  volume={45},
  number={34},
  pages={6225--6232},
  year={2011},
  publisher={Elsevier}
}

@article{kloog2011assessing,
  title={Assessing temporally and spatially resolved PM2. 5 exposures for epidemiological studies using satellite aerosol optical depth measurements},
  author={Kloog, Itai and Koutrakis, Petros and Coull, Brent A and Lee, Hyung Joo and Schwartz, Joel},
  journal={Atmospheric environment},
  volume={45},
  number={35},
  pages={6267--6275},
  year={2011},
  publisher={Elsevier}
}

@article{kloog2012incorporating,
  title={Incorporating local land use regression and satellite aerosol optical depth in a hybrid model of spatiotemporal PM2. 5 exposures in the Mid-Atlantic states},
  author={Kloog, Itai and Nordio, Francesco and Coull, Brent A and Schwartz, Joel},
  journal={Environmental science \& technology},
  volume={46},
  number={21},
  pages={11913--11921},
  year={2012},
  publisher={ACS Publications}
}

@article{hu2017estimating,
  title={Estimating PM2. 5 Concentrations in the Conterminous United States Using the Random Forest Approach},
  author={Hu, Xuefei and Belle, Jessica H and Meng, Xia and Wildani, Avani and Waller, Lance A and Strickland, Matthew J and Liu, Yang},
  journal={Environmental Science \& Technology},
  volume={51},
  number={12},
  pages={6936--6944},
  year={2017},
  publisher={ACS Publications}
}

@article{xiao2017full,
  title={Full-coverage high-resolution daily PM2. 5 estimation using MAIAC AOD in the Yangtze River Delta of China},
  author={Xiao, Qingyang and Wang, Yujie and Chang, Howard H and Meng, Xia and Geng, Guannan and Lyapustin, Alexei and Liu, Yang},
  journal={Remote Sensing of Environment},
  volume={199},
  pages={437--446},
  year={2017},
  publisher={Elsevier}
}

@article{alam2014variability,
  title={Variability of aerosol optical depth and their impact on cloud properties in Pakistan},
  author={Alam, Khan and Khan, Rehana and Blaschke, Thomas and Mukhtiar, Azam},
  journal={Journal of Atmospheric and Solar-Terrestrial Physics},
  volume={107},
  pages={104--112},
  year={2014},
  publisher={Elsevier}
}

@article{kang2015correlation,
  title={Correlation analysis between AOD and cloud parameters to study their relationship over China using MODIS data (2003--2013): impact on cloud formation and climate change},
  author={Kang, Na and Kumar, Kanike Raghavendra and Yin, Yan and Diao, Yiwei and Yu, Xingna},
  journal={Aerosol Air Qual. Res},
  volume={15},
  pages={958--973},
  year={2015}
}

@article{emili2011high,
  title={High spatial resolution aerosol retrieval with MAIAC: Application to mountain regions},
  author={Emili, Emanuele and Lyapustin, Alexei and Wang, Y and Popp, Christoph and Korkin, Sergey and Zebisch, Marc and Wunderle, Stefan and Petitta, Marcello},
  journal={Journal of Geophysical Research: Atmospheres},
  volume={116},
  number={D23},
  year={2011},
  publisher={Wiley Online Library}
}

@article{sarnat2015fine,
  title={Fine particulate matter components and emergency department visits for cardiovascular and respiratory diseases in the St. Louis, Missouri--Illinois, metropolitan area},
  author={Sarnat, Stefanie Ebelt and Winquist, Andrea and Schauer, James J and Turner, Jay R and Sarnat, Jeremy A},
  journal={Environmental health perspectives},
  volume={123},
  number={5},
  pages={437},
  year={2015},
  publisher={National Institute of Environmental Health Science}
}

@article{di2016assessing,
  title={Assessing PM2.5 exposures with high spatiotemporal resolution across the continental United States},
  author={Di, Qian and Kloog, Itai and Koutrakis, Petros and Lyapustin, Alexei and Wang, Yujie and Schwartz, Joel},
  journal={Environmental science \& technology},
  volume={50},
  number={9},
  pages={4712--4721},
  year={2016},
  publisher={ACS Publications}
}

@article{hall2014integrating,
  title={Integrating sensor monitoring technology into the current air pollution regulatory support paradigm: Practical considerations},
  author={Hall, Eric S and Kaushik, Surender M and Vanderpool, Robert W and Duvall, Rachelle M and Beaver, Melinda R and Long, Russell W and Solomon, Paul A},
  journal={American Journal of Environmental Engineering},
  volume={4},
  number={6},
  pages={147--154},
  year={2014},
  publisher={Scientific \& Academic Publishing}
}

@article{gao2015distributed,
  title={A distributed network of low-cost continuous reading sensors to measure spatiotemporal variations of PM2. 5 in Xi'an, China},
  author={Gao, Meiling and Cao, Junji and Seto, Edmund},
  journal={Environmental pollution},
  volume={199},
  pages={56--65},
  year={2015},
  publisher={Elsevier}
}

@article{hoff2009remote,
  title={Remote sensing of particulate pollution from space: have we reached the promised land?},
  author={Hoff, Raymond M and Christopher, Sundar A},
  journal={Journal of the Air \& Waste Management Association},
  volume={59},
  number={6},
  pages={645--675},
  year={2009},
  publisher={Taylor \& Francis}
}